
@book{pishro-nik2014,
	title = {Introduction to probability, statistics, and random processes},
	author = {Pishro-Nik, Hossein},
	year = {2014},
	date = {2014},
	publisher = {Kappa Research, LLC},
	address = {Blue Bell, PA}
}
